@misc{a2022_batman,
  title = {batman: Bad-Ass Transit Model cAlculatioN — batman 2.4.6 documentation},
  url = {https://lkreidberg.github.io/batman/docs/html/index.html},
  urldate = {2025-05-16},
  year = {2022},
  organization = {Github.io}
}

@article{heller_2018_the,
  author = {Heller, René},
  month = {02},
  pages = {A39},
  title = {The nature of the giant exomoon candidate Kepler-1625 b-i},
  doi = {10.1051/0004-6361/201731760},
  url = {https://www.aanda.org/articles/aa/full_html/2018/02/aa31760-17/aa31760-17.html},
  volume = {610},
  year = {2018},
  journal = {Astronomy & Astrophysics}
}

@article{carter_2024_a,
  author = {Carter, A L and May, E M and Espinoza, N and L. Welbanks and E. Ahrer and Alderson, L and Brahm, R and Feinstein, A D and Grant, D and Line, M and Morello, G and R. O’Steen and M. Radica and Z. Rustamkulov and Stevenson, K B and Turner, J D and Alam, M K and Anderson, D R and Batalha, N M and Battley, M P and Bayliss, D and Bean, J L and B. Benneke and Berta-Thompson, Z K and Brande, J and Bryant, E M and Burleigh, M R and Coulombe, L and Crossfield, M and Damiano, M and J.-M. Désert and Flagg, L and Gill, S and Inglis, J and Kirk, J and Knutson, H and L. Kreidberg and M. López Morales and Mansfield, M and Moran, S E and Murray, C A and Nixon, M C and Petit, M and Rackham, B V and E. Schlawin and Sing, D K and Wakeford, H R and Wallack, N L and Wheatley, P J and Zieba, S and Aggarwal, K and Barstow, J K and Bell, T J and J. Blecic and Caceres, C and N. Crouzet and Cubillos, P E and T. Daylan and M. de Val-Borro and L. Decin and Fortney, J J and Gibson, N P and Heng, K and Hu, R and E. M.-R. Kempton and P. Lagage and Lothringer, J D and J. Lustig-Yaeger and Mancini, L and Mayne, N J and Mayorga, L C and K. Molaverdikhani and E. Nasedkin and Ohno, K and Parmentier, V and Powell, D and Redfield, S and Roy, P and Taylor, J and Zhang, X},
  month = {07},
  publisher = {Nature Portfolio},
  title = {A benchmark JWST near-infrared spectrum for the exoplanet WASP-39 b},
  doi = {10.1038/s41550-024-02292-x},
  url = {https://www.nature.com/articles/s41550-024-02292-x},
  year = {2024},
  journal = {Nature Astronomy}
}

@article{bell_2022_eureka,
  author = {Bell, Taylor J and Eva-Maria Ahrer and Brande, Jonathan and Carter, Aarynn L and Feinstein, Adina D and Giannina Guzman Caloca and Mansfield, Megan and Zieba, Sebastian and Piaulet, Caroline and Björn Benneke and Filippazzo, Joseph and May, Erin M and Roy, Pierre-Alexis and Kreidberg, Laura and Stevenson, Kevin B},
  month = {11},
  pages = {4503-4503},
  publisher = {Cornell University},
  title = {Eureka!: An End-to-End Pipeline for JWST Time-Series Observations},
  doi = {10.21105/joss.04503},
  volume = {7},
  year = {2022},
  journal = {arXiv (Cornell University)}
}

@article{heller_2016_predictable,
  author = {Heller, René and Hippke, Michael and Placek, Ben and Angerhausen, Daniel and Agol, Eric},
  month = {06},
  pages = {A67},
  title = {Predictable patterns in planetary transit timing variations and transit duration variations due to exomoons},
  doi = {10.1051/0004-6361/201628573},
  urldate = {2022-02-22},
  volume = {591},
  year = {2016},
  journal = {Astronomy & Astrophysics}
}

@article{szilrdklmn_2023_modelling,
  author = {Szilárd Kálmán and Csizmadia, Szilárd and Simon, Attila E and Lam, Kristine W F and Deline, Adrien and Harre, Jan-Vincent and Szabó, Gyula M},
  month = {11},
  pages = {L66-L72},
  publisher = {Oxford University Press},
  title = {Modelling the light curves of transiting exomoons: a zero-order photodynamic agent added to the Transit and Light Curve Modeller},
  doi = {10.1093/mnrasl/slad169},
  urldate = {2025-01-09},
  volume = {528},
  year = {2023},
  journal = {Monthly Notices of the Royal Astronomical Society Letters}
}

@misc{a2025_contentkeeper,
  title = {ContentKeeper Content Filtering},
  url = {https://github.com/subisarkar/JexoSim},
  urldate = {2025-05-16},
  year = {2025},
  organization = {Github.com}
}

@article{suresh_2024_astrofusion,
  author = {Suresh, Aakash and Lakshmi C and Gopirajan PV and K Dhanasekaran},
  month = {08},
  pages = {330-337},
  title = {AstroFusion: A GAN-Augmented Approach for Exoplanet Detection},
  doi = {10.1109/ICETCI62771.2024.10704142},
  url = {https://www.researchgate.net/publication/384758143_AstroFusion_A_GAN-Augmented_Approach_for_Exoplanet_Detection},
  year = {2024},
  journal = {2024 International Conference on Emerging Techniques in Computational Intelligence (ICETCI)}
}

@misc{beichman_observing,
  author = {Beichman, Charles and Greene, Thomas},
  title = {Observing Exoplanets with the James Webb Space Telescope},
  url = {https://ntrs.nasa.gov/api/citations/20180004151/downloads/20180004151.pdf}
}