@article{TeacheyKipping2018,
	author    = {Teachey, Alex and Kipping, David M.},
	title     = {Evidence for a large exomoon orbiting Kepler-1625 b},
	journal   = {Science Advances},
	year      = {2018},
	volume    = {4},
	number    = {10},
	pages     = {eaav1784},
	doi       = {10.1126/sciadv.aav1784},
	url       = {https://www.science.org/doi/10.1126/sciadv.aav1784}
}

@article{Kreidberg2015,
	author    = {Kreidberg, Laura},
	title     = {batman: BAsic Transit Model cAlculatioN in Python},
	journal   = {arXiv preprint arXiv:1507.08285},
	year      = {2015},
	url       = {https://arxiv.org/abs/1507.08285}
}

@misc{Claret2023,
	author    = {Claret, A. and others},
	title     = {Power-2 limb-darkening coefficients},
	year      = {2023},
	howpublished = {\url{https://ui.adsabs.harvard.edu/abs/2023yCat..36740063C/abstract}}
}

@article{HellerBarnes2013,
	author    = {Heller, René and Barnes, Rory},
	title     = {Formation, Habitability, and Detection of Extrasolar Moons},
	journal   = {Astrobiology},
	year      = {2013},
	volume    = {13},
	number    = {1},
	pages     = {18--46},
	doi       = {10.1089/ast.2012.0861},
	url       = {https://pmc.ncbi.nlm.nih.gov/articles/PMC4172466/}
}

@article{Heller2016TTVTDV,
	author    = {Heller, René},
	title     = {Predictable patterns in planetary transit timing variations and transit duration variations for exomoon detection},
	journal   = {Astronomy \& Astrophysics},
	year      = {2016},
	volume    = {591},
	pages     = {A67},
	doi       = {10.1051/0004-6361/201628573},
	url       = {https://www.aanda.org/articles/aa/full_html/2016/07/aa28573-16/aa28573-16.html}
}

@article{Rodenbeck2020,
	author    = {Rodenbeck, Kai and Heller, René and Hippke, Michael},
	title     = {Detection of exomoons in simulated light curves with a regularized linear inversion method},
	journal   = {Astronomy \& Astrophysics},
	year      = {2020},
	volume    = {638},
	pages     = {A42},
	doi       = {10.1051/0004-6361/201937059},
	url       = {https://www.aanda.org/articles/aa/full_html/2020/08/aa37059-19/aa37059-19.html}
}

@article{Rustamkulov2024,
	author    = {Rustamkulov, Z. and others},
	title     = {A benchmark JWST near-infrared spectrum for the exoplanet WASP-39 b},
	journal   = {Nature Astronomy},
	year      = {2024},
	doi       = {10.1038/s41550-024-02292-x},
	url       = {https://www.nature.com/articles/s41550-024-02292-x}
}

@article{Kreidberg2019,
	author    = {Kreidberg, Laura and Teachey, Alex and Kipping, David M.},
	title     = {Revisiting the exomoon candidate signal around Kepler-1625 b},
	journal   = {Astronomy \& Astrophysics},
	year      = {2019},
	volume    = {627},
	pages     = {A49},
	doi       = {10.1051/0004-6361/201833085},
	url       = {https://www.aanda.org/articles/aa/full_html/2018/09/aa33085-18/aa33085-18.html}
}

@misc{Sarkar2024,
	author    = {Sarkar, Subi and others},
	title     = {\texttt{JexoSim} JWST Exoplanet Observation Simulator},
	year      = {2024},
	howpublished = {\url{https://github.com/subisarkar/JexoSim}}
}

@article{Bell2023,
	author    = {Bell, T. J. and others},
	title     = {Eureka!: An End-to-End Pipeline for JWST Time-Series Observations},
	journal   = {arXiv preprint arXiv:2207.03585},
	year      = {2023},
	url       = {https://arxiv.org/abs/2207.03585}
}

@article{DataAugML2023,
	author    = {Authors Unknown},
	title     = {Exoplanet Detection by Machine Learning with Data Augmentation},
	journal   = {arXiv preprint arXiv:2211.15577},
	year      = {2023},
	url       = {https://arxiv.org/abs/2211.15577}
}
